<record><leader>00000cas a2200000 a 4500</leader><controlfield tag="001">9012700</controlfield><controlfield tag="008">821203c19179999caudr ne      0   a0eng c</controlfield><datafield ind1=" " ind2=" " tag="010"><subfield code="a">sn 82007852 </subfield></datafield><datafield ind1=" " ind2=" " tag="040"><subfield code="a">NSD</subfield><subfield code="b">eng</subfield><subfield code="c">NSD</subfield><subfield code="d">CNK</subfield><subfield code="d">OCLCQ</subfield><subfield code="d">CNK</subfield><subfield code="d">CRU</subfield><subfield code="d">OCLCQ</subfield><subfield code="d">OCLCF</subfield><subfield code="d">OCLCO</subfield></datafield><datafield ind1=" " ind2=" " tag="012"><subfield code="m">1</subfield></datafield><datafield ind1=" " ind2=" " tag="022"><subfield code="a">0745-2748</subfield><subfield code="l">0745-2748</subfield><subfield code="2">1</subfield></datafield><datafield ind1="1" ind2=" " tag="029"><subfield code="a">AU@</subfield><subfield code="b">000025806688</subfield></datafield><datafield ind1=" " ind2=" " tag="032"><subfield code="a">328360</subfield><subfield code="b">USPS</subfield></datafield><datafield ind1=" " ind2=" " tag="037"><subfield code="b">Manteca Bulletin, 531 East Yosemite Avenue, Manteca, CA 95336</subfield></datafield><datafield ind1=" " ind2=" " tag="042"><subfield code="a">nsdp</subfield><subfield code="a">pcc</subfield></datafield><datafield ind1="1" ind2="4" tag="050"><subfield code="a">AP2</subfield><subfield code="b">.M377</subfield></datafield><datafield ind1=" " ind2="0" tag="222"><subfield code="a">Manteca bulletin</subfield></datafield><datafield ind1="0" ind2="0" tag="245"><subfield code="a">Manteca bulletin.</subfield></datafield><datafield ind1="1" ind2="3" tag="246"><subfield code="a">Irrigation bulletin</subfield></datafield><datafield ind1=" " ind2=" " tag="260"><subfield code="a">Manteca, San Joaquin County, Calif. :</subfield><subfield code="b">Fred S. Holman</subfield></datafield><datafield ind1=" " ind2=" " tag="310"><subfield code="a">Daily,</subfield><subfield code="b">Apr. 1, 1981-</subfield></datafield><datafield ind1=" " ind2=" " tag="321"><subfield code="a">Frequency varies,</subfield><subfield code="b">Apr. 13, 1917-Mar. 29, 1981</subfield></datafield><datafield ind1="0" ind2=" " tag="362"><subfield code="a">Vol. 9, no. 23 (Apr. 13, 1917)-</subfield></datafield><datafield ind1=" " ind2=" " tag="530"><subfield code="a">Master negatives are available for duplication from:</subfield><subfield code="b">California Newspaper Microfilm Archive;</subfield><subfield code="c">positive copies may be purchased by the reel; for further information consult the CNMA at:</subfield><subfield code="u">http://cbsr.ucr.edu</subfield></datafield><datafield ind1=" " ind2="0" tag="651"><subfield code="a">Manteca (Calif.)</subfield><subfield code="v">Newspapers.</subfield></datafield><datafield ind1=" " ind2="7" tag="655"><subfield code="a">Newspapers.</subfield><subfield code="2">fast</subfield><subfield code="0">(OCoLC)fst01423814</subfield></datafield><datafield ind1=" " ind2="7" tag="651"><subfield code="a">California</subfield><subfield code="z">Manteca.</subfield><subfield code="2">fast</subfield><subfield code="0">(OCoLC)fst01215504</subfield></datafield><datafield ind1=" " ind2=" " tag="752"><subfield code="a">United States</subfield><subfield code="b">California</subfield><subfield code="c">San Joaquin</subfield><subfield code="d">Manteca.</subfield></datafield><datafield ind1="0" ind2="0" tag="780"><subfield code="t">Irrigation bulletin</subfield><subfield code="w">(DLC)sn 95062747</subfield></datafield><datafield ind1=" " ind2=" " tag="936"><subfield code="a">Nov. 20, 1982</subfield></datafield></record>